@misc{WikipediaQM,
  title = {Quantum Mechanics},
  author = {{Wikipedia contributors}},
  year = {2023},
  howpublished = {\url{https://en.wikipedia.org/wiki/Quantum_mechanics}},
  note = {Accessed: 2025-09-12}
}

@misc{WikipediaGR,
  title = {General Relativity},
  author = {{Wikipedia contributors}},
  year = {2023},
  howpublished = {\url{https://en.wikipedia.org/wiki/General_relativity}},
  note = {Accessed: 2025-09-12}
}

@misc{FeynmanDoubleSlit,
  title = {Feynman's Double Slit Experiment},
  author = {Feynman, Richard P.},
  year = {2011},
  howpublished = {YouTube, \url{https://www.youtube.com/watch?v=DfPeprQ7oGc}},
  note = {Accessed: 2025-09-12}
}

@misc{EinsteinPhotoelectric,
  title = {Einstein's Nobel Lecture: The Photoelectric Effect},
  author = {Einstein, Albert},
  year = {1921},
  howpublished = {Nobel Prize Archive, \url{https://www.nobelprize.org/prizes/physics/1921/einstein/lecture/}},
  note = {Accessed: 2025-09-12}
}

@misc{VacuumEnergyCrisis,
  title = {The Cosmological Constant and the Vacuum Energy Crisis},
  author = {Padmanabhan, T.},
  year = {2000},
  howpublished = {arXiv:astro-ph/0005265, \url{https://arxiv.org/abs/astro-ph/0005265}},
  note = {Accessed: 2025-09-12}
}
@misc{BalakrishnanNPTEL,
  author       = {V. Balakrishnan},
  title        = {Quantum Physics Lectures (NPTEL, IIT Madras)},
  year         = {2013},
  howpublished = {Lecture series},
  note         = {Accessed 11 Sep 2025}
}

@article{Holdom1986,
  author = {B. Holdom},
  title = {Two U(1)'s and Epsilon Charge Shifts},
  journal = {Phys. Lett. B},
  year = {1986},
  volume = {166},
  pages = {196-198}
}

@article{Okun1982,
  author = {L. Okun},
  title = {Limits of electrodynamics: Paraphotons?},
  journal = {Sov. Phys. JETP},
  year = {1982},
  volume = {56},
  pages = {502}
}

@article{Essig2013,
  author = {R. Essig et al.},
  title = {Dark Sectors and New, Light, Weakly-Coupled Particles},
  journal = {arXiv preprint},
  eprint = {1311.0029},
  year = {2013}
}

@article{Aharonov1959,
  author = {Y. Aharonov and D. Bohm},
  title = {Significance of Electromagnetic Potentials in the Quantum Theory},
  journal = {Phys. Rev.},
  year = {1959},
  volume = {115},
  pages = {485-491}
}

@article{Tonomura1986,
  author = {A. Tonomura et al.},
  title = {Observation of Aharonov–Bohm effect by electron holography},
  journal = {Phys. Rev. Lett.},
  year = {1986},
  volume = {56},
  pages = {792}
}

@article{Berry1984,
  author = {M. V. Berry},
  title = {Quantal Phase Factors Accompanying Adiabatic Changes},
  journal = {Proc. R. Soc. Lond. A},
  year = {1984},
  volume = {392},
  pages = {45-57}
}

@article{Wilczek1984,
  author = {F. Wilczek and A. Zee},
  title = {Appearance of Gauge Structure in Simple Dynamical Systems},
  journal = {Phys. Rev. Lett.},
  year = {1984},
  volume = {52},
  pages = {2111}
}

@article{Dalibard2011,
  author  = {Dalibard, Jean and Gerbier, Fabrice and Juzeli{\=u}nas, Gediminas and {\"O}hberg, Patrik},
  title   = {Colloquium: Artificial gauge potentials for neutral atoms},
  journal = {Rev. Mod. Phys.},
  year    = {2011},
  volume  = {83},
  pages   = {1523--1543},
  doi     = {10.1103/RevModPhys.83.1523}
}

@article{Goldman2014,
  author  = {Goldman, N. and Juzeli{\=u}nas, G. and {\"O}hberg, P. and Spielman, I. B.},
  title   = {Light-induced gauge fields for ultracold atoms},
  journal = {Rep. Prog. Phys.},
  year    = {2014},
  volume  = {77},
  number  = {12},
  pages   = {126401},
  doi     = {10.1088/0034-4885/77/12/126401}
}

@article{Ramsey1950,
  author = {N. F. Ramsey},
  title = {A Molecular Beam Resonance Method with Separated Oscillating Fields},
  journal = {Phys. Rev.},
  year = {1950},
  volume = {78},
  pages = {695}
}

@article{Rauch1975,
  author = {H. Rauch et al.},
  title = {Verification of coherent spinor rotation of fermions},
  journal = {Phys. Lett. A},
  year = {1975},
  volume = {54},
  pages = {425}
}

@article{Werner1975,
  author = {S. A. Werner et al.},
  title = {Observation of the phase shift of a neutron due to precession in a magnetic field},
  journal = {Phys. Rev. Lett.},
  year = {1975},
  volume = {35},
  pages = {1053}
}

@article{Ruegg2004,
  author = {H. Ruegg and M. Ruiz-Altaba},
  title = {The Stückelberg field},
  journal = {Int. J. Mod. Phys. A},
  year = {2004},
  volume = {19},
  pages = {3265}
}

@book{Fabbrichesi2020,
  author = {M. Fabbrichesi and E. Gabrielli and G. Lanfranchi},
  title = {The Dark Photon},
  publisher = {SpringerBriefs in Physics},
  year = {2020}
}

@article{Berlin2022,
  author = {A. Berlin et al.},
  title = {Dark photons and experimental probes},
  journal = {Rev. Mod. Phys.},
  year = {2022},
  volume = {94},
  pages = {015003}
}
